@Article{junit,
  author =       {Erich Gamma and Kent Beck},
  title =        {Test Infected: Programmers Love Writing Tests},
  journal =      {The Java Report},
  year =         1998,
  volume =       3,
  number =       7,
  pages =        {37--50},
  month =        {July}
}

@Article{jester,
  author =       {Ivan Moore},
  title =        {Jester: A {JU}nit Test Tester},
  journal =      {XP2001},
  year =         2001
}

@TechReport{bcel,
  author =       {Markus Dahm},
  title =        {Byte Code Engineering with the {BCEL API}},
  institution =  {Freie Universit\"at Berlin, Institut f\"ur Informatik},
  year =         2001,
  number =       {B--17--98},
  month =        {April}
}

